@book{verif,
	author = {Philippe Schnoebelen and Béatrice Bérard and Michel Bidoit and François Laroussinie and et Antoine Petit},
	title = {Vérification de logiciels : techniques et outils du model-checking},
	date = {Avril 1999},
	editor = {Vuibert},
}
